@article{greenwade93,
    author  = "George D. Greenwade",
    title   = "The {C}omprehensive {T}ex {A}rchive {N}etwork ({CTAN})",
    year    = "1993",
    journal = "TUGBoat",
    volume  = "14",
    number  = "3",
    pages   = "342--351"
}

@misc{tweepy,
  author = {Weigel, Joshua},
  title = {Tweepy: Twitter for {Python}},
  year = {2022},
  howpublished = {\url{https://github.com/tweepy/tweepy}},
  note = {Accessed: 2025-04-27}
}
